@article{nakamoto2008bitcoin,
  title={Bitcoin: A peer-to-peer electronic cash system},
  author={Nakamoto, Satoshi},
  year={2008}
}

@article{test-en,
	author = {Author},
	title = {Title},
	type = {J},
	journal = {Journal},
	date = {2014-04-01},
	language = {english},
}

@article{test-zh,
	author = {作者},
	title = {标题},
	type = {J},
	journal = {期刊},
	date = {2014-04-01},
	language = {chinese},
}

@article{weise2001public,
  title={Public key infrastructure overview},
  author={Weise, Joel},
  journal={Sun BluePrints OnLine, August},
  pages={1--27},
  year={2001}
}

% vim:ts=4:sw=4
